@Book{Lanham,
    author =    "Michael Lanham",
    title =     "Practical AI on the Google Cloud Platform",
    publisher = "O'Reilly Media",
    year =      "2020",
    address =   "California",
    edition =   "1st.",
    editor =    "Jonathan Hassell"
}

@online{Excelr,
    author =    "Srinivas Gurrala",
    title =     "Implementation Of Bag Of Words Using Python",
    url =       "https://www.excelr.com/blog/data-science/natural-language-processing/implementation-of-bag-of-words-using-python"
}

@online{FreeCodeCamp,
    author =    "Praveen Dubey",
    title =     "An introduction to Bag of Words and how to code it in Python for NLP",
    url =       "https://www.freecodecamp.org/news/an-introduction-to-bag-of-words-and-how-to-code-it-in-python-for-nlp-282e87a9da04/"
}

@techreport{StanCS,
    author =    "Tony F. Chan and Gene H. Golub and Randall J. LeVeque",
    title =     "Updating the formula and a pairwise algorithm for computing sample variaces",
    institution = "Stanford University",
    year =      1979
}

@online{StackExchange,
    author =    "@timleathart",
    title =     "How to handle a zero factor in Naive Bayes Classifier calculation?",
    url =       "https://datascience.stackexchange.com/questions/15526/how-to-handle-a-zero-factor-in-naive-bayes-classifier-calculation"
}

@Book{Mehta,
    author =    "Rajat Mehta",
    title =     "Big data analytics with Java",
    publisher = "Packt",
    year =      "2017",
    address =   "Birmingham, Uk"
}

@Book{MLJava,
    author =    "AshishSingh Bhatia and Bostjan Kaluza",
    title =     "Machine Learning in Java",
    publisher = "Packt",
    year =      "2018",
    address =   "Birmingham, Uk"
}

@online{MonkeyLearn,
    author =    "Monkey Learn",
    title =     "What is Text Classification?",
    url =       "https://monkeylearn.com/what-is-text-classification/"
}

@online{nvidia,
    author =    "michael copeland",
    title =     "whatâ€™s the difference between artificial intelligence, machine learning and deep learning?",
    url =       "https://blogs.nvidia.com/blog/2016/07/29/whats-difference-artificial-intelligence-machine-learning-deep-learning-ai/"
}

@Book{russell_norvig_2021,
    author = "Russell, Stuart J. and Norvig, Peter",
    title = "Artificial intelligence: a modern approach",
    publisher = "Pearson",
    year = "2021"
    address = "Hoboken",
}

@online{YouTube,
    author =    "Geoff Hulten",
    title =     "Simple Features with Bag of Words for Machine Learning",
    url =       "https://youtu.be/zrMeJh3z23I"
}

@techreport{UNSW,
    author =    "Zdravko Botev",
    title =     "Joint and Conditional Probabilities",
    institution = "University of New South Wales",
    year =      2006
}
